@book{durr,
author = {Oliver Durr, Beate Sick, Elvis Murina}, 
title      = {Probabilistic Deep Learning},
booktitle = {Probabilistic Deep Learning},
publisher = {Manning Publications},
year = 2020
}

@online{PSAT,
author = {WildlifeComputers},
title = {MINIPAT},
year = {2024},
url = {https://wildlifecomputers.com/our-tags/pop-up-satellite-tags-fish/minipat/}
}

@book{grimm,
author = {Volker Grimm, Steven Railsback}, 
title      = {Individual-based Modeling and Ecology},
booktitle = {Individual-based Modeling and Ecology},
publisher = {Princeton University Press},
year = 2005
}

@article{curse,
  author  = "Michel Verleysen and Damien François",
  title   = "The Curse of Dimensionality in Data Mining and Time Series Prediction",
  journal = "Computational Intelligence and Bioinspired Systems",
  year    = 2005,
  volume  = "3512",
  pages   = "758–770"
}

@article{mlmovement1,
  author  = "Dhanushi A. Wijeyakulasuriya, Elizabeth W. Eisenhauer, Benjamin A. Shaby, Ephraim M. Hanks",
  title   = "Machine learning for modeling animal movement",
  journal = "PLOS One",
  year    = 2020,
}

@article{mlmovement2,
  author  = "Daniel Clark, David Shaw, Armando Vela, Shane Weinstock, John Santerre, and Joseph D. Clark",
  title   = "Using Machine Learning Methods to Predict the Movement Trajectories of the Using Machine Learning Methods to Predict the Movement Trajectories of the Louisiana Black Bear Louisiana Black Bear",
  journal = "SMUDataScienceReview",
  year    = 2021,
  volume  = "5",
}

@article{mlmovement3,
  author  = "Daniel Einarson, Fredrik Frisk , Kamilla Klonowska, and Charlotte Sennersten",
  title   = "A Machine Learning Approach to Simulation of Mallard Movements",
  journal = "Applied Sciences",
  year    = 2024,
  volume  = "14",
}

@article{tags1,
  author  = "Michael B Courtney, Mark Evans, Kyle R Shedd, Andrew C Seitz",
  title   = "Understanding the behavior and ecology of Chinook salmon (Oncorhynchus tshawytscha) on an important feeding ground in the Gulf of Alaska",
  journal = "Environmental Biology of Fishes",
  year    = 2021,
  volume  = "104",
  pages   = "357-373"
}

@article{tags2,
  author  = "Michael B Courtney, Mark D Evans, John F Strøm, Audun H Rikardsen, Andrew C Seitz",
  title   = "Behavior and thermal environment of Chinook salmon Oncorhynchus tshawytscha in the North Pacific Ocean, elucidated from pop-up satellite archival tags",
  journal = "Environmental Biology of Fishes",
  year    = 2019,
  volume  = "102",
  pages   = "1039-1055"
}